@misc{bambi2019astrophysical,
      title={Astrophysical Black Holes: A Review}, 
      author={Cosimo Bambi},
      year={2019},
      eprint={1906.03871},
      archivePrefix={arXiv},
      primaryClass={astro-ph.HE}
}

@article{Capelo_2019,
   title={Astrophysical black holes},
   ISBN={9789813227958},
   url={http://dx.doi.org/10.1142/9789813227958_0001},
   DOI={10.1142/9789813227958_0001},
   journal={Formation of the First Black Holes},
   publisher={WORLD SCIENTIFIC},
   author={Capelo, Pedro R.},
   year={2019},
   month={Apr},
   pages={1–22}
}

@article{Casares_2006,
   title={Observational evidence for stellar-mass black holes},
   volume={2},
   ISSN={1743-9221},
   url={http://dx.doi.org/10.1017/S1743921307004590},
   DOI={10.1017/s1743921307004590},
   number={S238},
   journal={Proceedings of the International Astronomical Union},
   publisher={Cambridge University Press (CUP)},
   author={Casares, Jorge},
   year={2006},
   month={Aug},
   pages={3–12}
}

@article{Rhoades&Ruffini,
  title = {Maximum Mass of a Neutron Star},
  author = {Rhoades, Clifford E. and Ruffini, Remo},
  journal = {Phys. Rev. Lett.},
  volume = {32},
  issue = {6},
  pages = {324--327},
  numpages = {0},
  year = {1974},
  month = {Feb},
  publisher = {American Physical Society},
  doi = {10.1103/PhysRevLett.32.324},
  url = {https://link.aps.org/doi/10.1103/PhysRevLett.32.324}
}

@ARTICLE{BoltonCYGX1,
       author = {{Bolton}, C.~T.},
        title = "{Orbital elements and an analysis of models for HDE 226868 = Cygnus X-1.}",
      journal = {\apj},
     keywords = {Astronomical Models, Binary Stars, Orbital Elements, Radial Velocity, Stellar Spectra, X Ray Absorption, Absorption Spectra, Black Holes (Astronomy), Light Curve, Mass Transfer, Optical Emission Spectroscopy, Orbit Calculation, Spectrograms, Stellar Luminosity, Triple Stars, Velocity Distribution, Astrophysics},
         year = 1975,
        month = sep,
       volume = {200},
        pages = {269-277},
          doi = {10.1086/153785},
       adsurl = {https://ui.adsabs.harvard.edu/abs/1975ApJ...200..269B},
      adsnote = {Provided by the SAO/NASA Astrophysics Data System}
}

@ARTICLE{1972Natur.235...37W,
       author = {{Webster}, B. Louise and {Murdin}, Paul},
        title = "{Cygnus X-1-a Spectroscopic Binary with a Heavy Companion ?}",
      journal = {\nat},
         year = 1972,
        month = jan,
       volume = {235},
       number = {5332},
        pages = {37-38},
          doi = {10.1038/235037a0},
       adsurl = {https://ui.adsabs.harvard.edu/abs/1972Natur.235...37W},
      adsnote = {Provided by the SAO/NASA Astrophysics Data System}
}



@article{Oppenheimer,
  title = {On Massive Neutron Cores},
  author = {Oppenheimer, J. R. and Volkoff, G. M.},
  journal = {Phys. Rev.},
  volume = {55},
  issue = {4},
  pages = {374--381},
  numpages = {0},
  year = {1939},
  month = {Feb},
  publisher = {American Physical Society},
  doi = {10.1103/PhysRev.55.374},
  url = {https://link.aps.org/doi/10.1103/PhysRev.55.374}
}

@ARTICLE{Ghez1998ApJ...509..678G,
       author = {{Ghez}, A.~M. and {Klein}, B.~L. and {Morris}, M. and {Becklin}, E.~E.},
        title = "{High Proper-Motion Stars in the Vicinity of Sagittarius A*: Evidence for a Supermassive Black Hole at the Center of Our Galaxy}",
      journal = {\apj},
     keywords = {BLACK HOLE PHYSICS, GALAXY: CENTER, GALAXY: KINEMATICS AND DYNAMICS, INFRARED: STARS, STARS: KINEMATICS, TECHNIQUES: IMAGE PROCESSING, Black Hole Physics, Galaxy: Center, Galaxy: Kinematics and Dynamics, Infrared: Stars, Stars: Kinematics, Techniques: Image Processing, Astrophysics},
         year = 1998,
        month = dec,
       volume = {509},
       number = {2},
        pages = {678-686},
          doi = {10.1086/306528},
archivePrefix = {arXiv},
       eprint = {astro-ph/9807210},
 primaryClass = {astro-ph},
       adsurl = {https://ui.adsabs.harvard.edu/abs/1998ApJ...509..678G},
      adsnote = {Provided by the SAO/NASA Astrophysics Data System}
}

@BOOK{2015eiub.book.....B,
       author = {{Baaquie}, Belal E. and {Willeboordse}, Frederick H.},
        title = "{Exploring the Invisible Universe: From Black Holes to Superstrings}",
         year = 2015,
          doi = {10.1142/9265},
       adsurl = {https://ui.adsabs.harvard.edu/abs/2015eiub.book.....B},
      adsnote = {Provided by the SAO/NASA Astrophysics Data System}
}

@ARTICLE{2013ARA&A..51..511K,
       author = {{Kormendy}, John and {Ho}, Luis C.},
        title = "{Coevolution (Or Not) of Supermassive Black Holes and Host Galaxies}",
      journal = {\araa},
     keywords = {Astrophysics - Cosmology and Nongalactic Astrophysics},
         year = 2013,
        month = aug,
       volume = {51},
       number = {1},
        pages = {511-653},
          doi = {10.1146/annurev-astro-082708-101811},
archivePrefix = {arXiv},
       eprint = {1304.7762},
 primaryClass = {astro-ph.CO},
       adsurl = {https://ui.adsabs.harvard.edu/abs/2013ARA&A..51..511K},
      adsnote = {Provided by the SAO/NASA Astrophysics Data System}
}

@ARTICLE{2015ApJ...799..178K,
       author = {{Kulier}, Andrea and {Ostriker}, Jeremiah P. and
         {Natarajan}, Priyamvada and {Lackner}, Claire N. and {Cen}, Renyue},
        title = "{Understanding Black Hole Mass Assembly via Accretion and Mergers at Late Times in Cosmological Simulations}",
      journal = {\apj},
     keywords = {black hole physics, galaxies: nuclei, quasars: general, Astrophysics - Cosmology and Nongalactic Astrophysics},
         year = 2015,
        month = feb,
       volume = {799},
       number = {2},
          eid = {178},
        pages = {178},
          doi = {10.1088/0004-637X/799/2/178},
archivePrefix = {arXiv},
       eprint = {1307.3684},
 primaryClass = {astro-ph.CO},
       adsurl = {https://ui.adsabs.harvard.edu/abs/2015ApJ...799..178K},
      adsnote = {Provided by the SAO/NASA Astrophysics Data System}
}

@ARTICLE{2011Natur.474..616M,
       author = {{Mortlock}, Daniel J. and {Warren}, Stephen J. and {Venemans}, Bram P. and
         {Patel}, Mitesh and {Hewett}, Paul C. and {McMahon}, Richard G. and
         {Simpson}, Chris and {Theuns}, Tom and
         {Gonz{\'a}les-Solares}, Eduardo A. and {Adamson}, Andy and
         {Dye}, Simon and {Hambly}, Nigel C. and {Hirst}, Paul and
         {Irwin}, Mike J. and {Kuiper}, Ernst and {Lawrence}, Andy and
         {R{\"o}ttgering}, Huub J.~A.},
        title = "{A luminous quasar at a redshift of z = 7.085}",
      journal = {\nat},
     keywords = {Astrophysics - Cosmology and Extragalactic Astrophysics},
         year = 2011,
        month = jun,
       volume = {474},
       number = {7353},
        pages = {616-619},
          doi = {10.1038/nature10159},
archivePrefix = {arXiv},
       eprint = {1106.6088},
 primaryClass = {astro-ph.CO},
       adsurl = {https://ui.adsabs.harvard.edu/abs/2011Natur.474..616M},
      adsnote = {Provided by the SAO/NASA Astrophysics Data System}
}

@ARTICLE{2015Natur.518..512W,
       author = {{Wu}, Xue-Bing and {Wang}, Feige and {Fan}, Xiaohui and {Yi}, Weimin and
         {Zuo}, Wenwen and {Bian}, Fuyan and {Jiang}, Linhua and
         {McGreer}, Ian D. and {Wang}, Ran and {Yang}, Jinyi and {Yang}, Qian and
         {Thompson}, David and {Beletsky}, Yuri},
        title = "{An ultraluminous quasar with a twelve-billion-solar-mass black hole at redshift 6.30}",
      journal = {\nat},
     keywords = {Astrophysics - Astrophysics of Galaxies},
         year = 2015,
        month = feb,
       volume = {518},
       number = {7540},
        pages = {512-515},
          doi = {10.1038/nature14241},
archivePrefix = {arXiv},
       eprint = {1502.07418},
 primaryClass = {astro-ph.GA},
       adsurl = {https://ui.adsabs.harvard.edu/abs/2015Natur.518..512W},
      adsnote = {Provided by the SAO/NASA Astrophysics Data System}
}

@article{P_ris_2018,
   title={The Sloan Digital Sky Survey Quasar Catalog: Fourteenth data release},
   volume={613},
   ISSN={1432-0746},
   url={http://dx.doi.org/10.1051/0004-6361/201732445},
   DOI={10.1051/0004-6361/201732445},
   journal={Astronomy & Astrophysics},
   publisher={EDP Sciences},
   author={Pâris, Isabelle and Petitjean, Patrick and Aubourg, Éric and Myers, Adam D. and Streblyanska, Alina and Lyke, Brad W. and Anderson, Scott F. and Armengaud, Éric and Bautista, Julian and Blanton, Michael R. and et al.},
   year={2018},
   month={May},
   pages={A51}
}

@ARTICLE{2019ApJ...875L...1E,
       author = {{Event Horizon Telescope Collaboration} and {Akiyama}, Kazunori and
         {Alberdi}, Antxon and {Alef}, Walter and {Asada}, Keiichi and
         {Azulay}, Rebecca and {Baczko}, Anne-Kathrin and {Ball}, David and
         {Balokovi{\'c}}, Mislav and {Barrett}, John and {Bintley}, Dan and
         {Blackburn}, Lindy and {Boland}, Wilfred and {Bouman}, Katherine L. and
         {Bower}, Geoffrey C. and {Bremer}, Michael and
         {Brinkerink}, Christiaan D. and {Brissenden}, Roger and
         {Britzen}, Silke and {Broderick}, Avery E. and {Broguiere}, Dominique and
         {Bronzwaer}, Thomas and {Byun}, Do-Young and {Carlstrom}, John E. and
         {Chael}, Andrew and {Chan}, Chi-kwan and {Chatterjee}, Shami and
         {Chatterjee}, Koushik and {Chen}, Ming-Tang and {Chen}, Yongjun and
         {Cho}, Ilje and {Christian}, Pierre and {Conway}, John E. and
         {Cordes}, James M. and {Crew}, Geoffrey B. and {Cui}, Yuzhu and
         {Davelaar}, Jordy and {De Laurentis}, Mariafelicia and {Deane}, Roger and
         {Dempsey}, Jessica and {Desvignes}, Gregory and {Dexter}, Jason and
         {Doeleman}, Sheperd S. and {Eatough}, Ralph P. and {Falcke}, Heino and
         {Fish}, Vincent L. and {Fomalont}, Ed and {Fraga-Encinas}, Raquel and
         {Freeman}, William T. and {Friberg}, Per and {Fromm}, Christian M. and
         {G{\'o}mez}, Jos{\'e} L. and {Galison}, Peter and {Gammie}, Charles F. and
         {Garc{\'\i}a}, Roberto and {Gentaz}, Olivier and {Georgiev}, Boris and
         {Goddi}, Ciriaco and {Gold}, Roman and {Gu}, Minfeng and
         {Gurwell}, Mark and {Hada}, Kazuhiro and {Hecht}, Michael H. and
         {Hesper}, Ronald and {Ho}, Luis C. and {Ho}, Paul and {Honma}, Mareki and
         {Huang}, Chih-Wei L. and {Huang}, Lei and {Hughes}, David H. and
         {Ikeda}, Shiro and {Inoue}, Makoto and {Issaoun}, Sara and
         {James}, David J. and {Jannuzi}, Buell T. and {Janssen}, Michael and
         {Jeter}, Britton and {Jiang}, Wu and {Johnson}, Michael D. and
         {Jorstad}, Svetlana and {Jung}, Taehyun and {Karami}, Mansour and
         {Karuppusamy}, Ramesh and {Kawashima}, Tomohisa and
         {Keating}, Garrett K. and {Kettenis}, Mark and {Kim}, Jae-Young and
         {Kim}, Junhan and {Kim}, Jongsoo and {Kino}, Motoki and {Koay}, Jun Yi and
         {Koch}, Patrick M. and {Koyama}, Shoko and {Kramer}, Michael and
         {Kramer}, Carsten and {Krichbaum}, Thomas P. and {Kuo}, Cheng-Yu and
         {Lauer}, Tod R. and {Lee}, Sang-Sung and {Li}, Yan-Rong and
         {Li}, Zhiyuan and {Lindqvist}, Michael and {Liu}, Kuo and
         {Liuzzo}, Elisabetta and {Lo}, Wen-Ping and {Lobanov}, Andrei P. and
         {Loinard}, Laurent and {Lonsdale}, Colin and {Lu}, Ru-Sen and
         {MacDonald}, Nicholas R. and {Mao}, Jirong and {Markoff}, Sera and
         {Marrone}, Daniel P. and {Marscher}, Alan P. and
         {Mart{\'\i}-Vidal}, Iv{\'a}n and {Matsushita}, Satoki and
         {Matthews}, Lynn D. and {Medeiros}, Lia and {Menten}, Karl M. and
         {Mizuno}, Yosuke and {Mizuno}, Izumi and {Moran}, James M. and
         {Moriyama}, Kotaro and {Moscibrodzka}, Monika and
         {M{\"u}ller}, Cornelia and {Nagai}, Hiroshi and {Nagar}, Neil M. and
         {Nakamura}, Masanori and {Narayan}, Ramesh and {Narayanan}, Gopal and
         {Natarajan}, Iniyan and {Neri}, Roberto and {Ni}, Chunchong and
         {Noutsos}, Aristeidis and {Okino}, Hiroki and {Olivares}, H{\'e}ctor and
         {Ortiz-Le{\'o}n}, Gisela N. and {Oyama}, Tomoaki and
         {{\"O}zel}, Feryal and {Palumbo}, Daniel C.~M. and {Patel}, Nimesh and
         {Pen}, Ue-Li and {Pesce}, Dominic W. and {Pi{\'e}tu}, Vincent and
         {Plambeck}, Richard and {PopStefanija}, Aleksandar and {Porth}, Oliver and
         {Prather}, Ben and {Preciado-L{\'o}pez}, Jorge A. and
         {Psaltis}, Dimitrios and {Pu}, Hung-Yi and {Ramakrishnan}, Venkatessh and
         {Rao}, Ramprasad and {Rawlings}, Mark G. and {Raymond}, Alexander W. and
         {Rezzolla}, Luciano and {Ripperda}, Bart and {Roelofs}, Freek and
         {Rogers}, Alan and {Ros}, Eduardo and {Rose}, Mel and
         {Roshanineshat}, Arash and {Rottmann}, Helge and {Roy}, Alan L. and
         {Ruszczyk}, Chet and {Ryan}, Benjamin R. and {Rygl}, Kazi L.~J. and
         {S{\'a}nchez}, Salvador and {S{\'a}nchez-Arguelles}, David and
         {Sasada}, Mahito and {Savolainen}, Tuomas and {Schloerb}, F. Peter and
         {Schuster}, Karl-Friedrich and {Shao}, Lijing and {Shen}, Zhiqiang and
         {Small}, Des and {Sohn}, Bong Won and {SooHoo}, Jason and
         {Tazaki}, Fumie and {Tiede}, Paul and {Tilanus}, Remo P.~J. and
         {Titus}, Michael and {Toma}, Kenji and {Torne}, Pablo and
         {Trent}, Tyler and {Trippe}, Sascha and {Tsuda}, Shuichiro and
         {van Bemmel}, Ilse and {van Langevelde}, Huib Jan and
         {van Rossum}, Daniel R. and {Wagner}, Jan and {Wardle}, John and
         {Weintroub}, Jonathan and {Wex}, Norbert and {Wharton}, Robert and
         {Wielgus}, Maciek and {Wong}, George N. and {Wu}, Qingwen and
         {Young}, Ken and {Young}, Andr{\'e} and {Younsi}, Ziri and
         {Yuan}, Feng and {Yuan}, Ye-Fei and {Zensus}, J. Anton and
         {Zhao}, Guangyao and {Zhao}, Shan-Shan and {Zhu}, Ziyan and
         {Algaba}, Juan-Carlos and {Allardi}, Alexander and {Amestica}, Rodrigo and
         {Anczarski}, Jadyn and {Bach}, Uwe and {Baganoff}, Frederick K. and
         {Beaudoin}, Christopher and {Benson}, Bradford A. and {Berthold}, Ryan and
         {Blanchard}, Jay M. and {Blundell}, Ray and {Bustamente}, Sandra and
         {Cappallo}, Roger and {Castillo-Dom{\'\i}nguez}, Edgar and
         {Chang}, Chih-Cheng and {Chang}, Shu-Hao and {Chang}, Song-Chu and
         {Chen}, Chung-Chen and {Chilson}, Ryan and {Chuter}, Tim C. and
         {C{\'o}rdova Rosado}, Rodrigo and {Coulson}, Iain M. and
         {Crawford}, Thomas M. and {Crowley}, Joseph and {David}, John and
         {Derome}, Mark and {Dexter}, Matthew and {Dornbusch}, Sven and
         {Dudevoir}, Kevin A. and {Dzib}, Sergio A. and {Eckart}, Andreas and
         {Eckert}, Chris and {Erickson}, Neal R. and {Everett}, Wendeline B. and
         {Faber}, Aaron and {Farah}, Joseph R. and {Fath}, Vernon and
         {Folkers}, Thomas W. and {Forbes}, David C. and {Freund}, Robert and
         {G{\'o}mez-Ruiz}, Arturo I. and {Gale}, David M. and {Gao}, Feng and
         {Geertsema}, Gertie and {Graham}, David A. and {Greer}, Christopher H. and
         {Grosslein}, Ronald and {Gueth}, Fr{\'e}d{\'e}ric and {Haggard}, Daryl and
         {Halverson}, Nils W. and {Han}, Chih-Chiang and {Han}, Kuo-Chang and
         {Hao}, Jinchi and {Hasegawa}, Yutaka and {Henning}, Jason W. and
         {Hern{\'a}ndez-G{\'o}mez}, Antonio and {Herrero-Illana}, Rub{\'e}n and
         {Heyminck}, Stefan and {Hirota}, Akihiko and {Hoge}, James and
         {Huang}, Yau-De and {Impellizzeri}, C.~M. Violette and {Jiang}, Homin and
         {Kamble}, Atish and {Keisler}, Ryan and {Kimura}, Kimihiro and
         {Kono}, Yusuke and {Kubo}, Derek and {Kuroda}, John and
         {Lacasse}, Richard and {Laing}, Robert A. and {Leitch}, Erik M. and
         {Li}, Chao-Te and {Lin}, Lupin C. -C. and {Liu}, Ching-Tang and
         {Liu}, Kuan-Yu and {Lu}, Li-Ming and {Marson}, Ralph G. and
         {Martin-Cocher}, Pierre L. and {Massingill}, Kyle D. and
         {Matulonis}, Callie and {McColl}, Martin P. and
         {McWhirter}, Stephen R. and {Messias}, Hugo and {Meyer-Zhao}, Zheng and
         {Michalik}, Daniel and {Monta{\~n}a}, Alfredo and
         {Montgomerie}, William and {Mora-Klein}, Matias and {Muders}, Dirk and
         {Nadolski}, Andrew and {Navarro}, Santiago and {Neilsen}, Joseph and
         {Nguyen}, Chi H. and {Nishioka}, Hiroaki and {Norton}, Timothy and
         {Nowak}, Michael A. and {Nystrom}, George and {Ogawa}, Hideo and
         {Oshiro}, Peter and {Oyama}, Tomoaki and {Parsons}, Harriet and
         {Paine}, Scott N. and {Pe{\~n}alver}, Juan and {Phillips}, Neil M. and
         {Poirier}, Michael and {Pradel}, Nicolas and {Primiani}, Rurik A. and
         {Raffin}, Philippe A. and {Rahlin}, Alexandra S. and {Reiland}, George and
         {Risacher}, Christopher and {Ruiz}, Ignacio and
         {S{\'a}ez-Mada{\'\i}n}, Alejandro F. and {Sassella}, Remi and
         {Schellart}, Pim and {Shaw}, Paul and {Silva}, Kevin M. and
         {Shiokawa}, Hotaka and {Smith}, David R. and {Snow}, William and
         {Souccar}, Kamal and {Sousa}, Don and {Sridharan}, T.~K. and
         {Srinivasan}, Ranjani and {Stahm}, William and {Stark}, Anthony A. and
         {Story}, Kyle and {Timmer}, Sjoerd T. and {Vertatschitsch}, Laura and
         {Walther}, Craig and {Wei}, Ta-Shun and {Whitehorn}, Nathan and
         {Whitney}, Alan R. and {Woody}, David P. and {Wouterloot}, Jan G.~A. and
         {Wright}, Melvin and {Yamaguchi}, Paul and {Yu}, Chen-Yu and
         {Zeballos}, Milagros and {Zhang}, Shuo and {Ziurys}, Lucy},
        title = "{First M87 Event Horizon Telescope Results. I. The Shadow of the Supermassive Black Hole}",
      journal = {\apjl},
     keywords = {accretion, accretion disks, black hole physics, galaxies: active, galaxies: individual: M87, galaxies: jets, gravitation, Astrophysics - Astrophysics of Galaxies, Astrophysics - High Energy Astrophysical Phenomena, General Relativity and Quantum Cosmology},
         year = 2019,
        month = apr,
       volume = {875},
       number = {1},
          eid = {L1},
        pages = {L1},
          doi = {10.3847/2041-8213/ab0ec7},
archivePrefix = {arXiv},
       eprint = {1906.11238},
 primaryClass = {astro-ph.GA},
       adsurl = {https://ui.adsabs.harvard.edu/abs/2019ApJ...875L...1E},
      adsnote = {Provided by the SAO/NASA Astrophysics Data System}
}

@ARTICLE{2003ApJ...589L..21M,
       author = {{Marconi}, Alessandro and {Hunt}, Leslie K.},
        title = "{The Relation between Black Hole Mass, Bulge Mass, and Near-Infrared Luminosity}",
      journal = {\apjl},
     keywords = {Black Hole Physics, Galaxies: Bulges, Galaxies: Fundamental Parameters, Galaxies: Nuclei, Astrophysics},
         year = 2003,
        month = may,
       volume = {589},
       number = {1},
        pages = {L21-L24},
          doi = {10.1086/375804},
archivePrefix = {arXiv},
       eprint = {astro-ph/0304274},
 primaryClass = {astro-ph},
       adsurl = {https://ui.adsabs.harvard.edu/abs/2003ApJ...589L..21M},
      adsnote = {Provided by the SAO/NASA Astrophysics Data System}
}

@ARTICLE{2013ARA&A..51..511K,
       author = {{Kormendy}, John and {Ho}, Luis C.},
        title = "{Coevolution (Or Not) of Supermassive Black Holes and Host Galaxies}",
      journal = {\araa},
     keywords = {Astrophysics - Cosmology and Nongalactic Astrophysics},
         year = 2013,
        month = aug,
       volume = {51},
       number = {1},
        pages = {511-653},
          doi = {10.1146/annurev-astro-082708-101811},
archivePrefix = {arXiv},
       eprint = {1304.7762},
 primaryClass = {astro-ph.CO},
       adsurl = {https://ui.adsabs.harvard.edu/abs/2013ARA&A..51..511K},
      adsnote = {Provided by the SAO/NASA Astrophysics Data System}
}

@article{Mart_n_Navarro_2018,
   title={Black-hole-regulated star formation in massive galaxies},
   volume={553},
   ISSN={1476-4687},
   url={http://dx.doi.org/10.1038/nature24999},
   DOI={10.1038/nature24999},
   number={7688},
   journal={Nature},
   publisher={Springer Science and Business Media LLC},
   author={Martín-Navarro, Ignacio and Brodie, Jean P. and Romanowsky, Aaron J. and Ruiz-Lara, Tomás and van de Ven, Glenn},
   year={2018},
   month={Jan},
   pages={307–309}
}


@article{PhysRevLett.116.061102,
  title = {Observation of Gravitational Waves from a Binary Black Hole Merger},
  author = {Abbott, B. P. and Abbott, R. and Abbott, T. D. and Abernathy, M. R. and Acernese, F. and Ackley, K. and Adams, C. and Adams, T. and Addesso, P. and Adhikari, R. X. and Adya, V. B. and Affeldt, C. and Agathos, M. and Agatsuma, K. and Aggarwal, N. and Aguiar, O. D. and Aiello, L. and Ain, A. and Ajith, P. and Allen, B. and Allocca, A. and Altin, P. A. and Anderson, S. B. and Anderson, W. G. and Arai, K. and Arain, M. A. and Araya, M. C. and Arceneaux, C. C. and Areeda, J. S. and Arnaud, N. and Arun, K. G. and Ascenzi, S. and Ashton, G. and Ast, M. and Aston, S. M. and Astone, P. and Aufmuth, P. and Aulbert, C. and Babak, S. and Bacon, P. and Bader, M. K. M. and Baker, P. T. and Baldaccini, F. and Ballardin, G. and Ballmer, S. W. and Barayoga, J. C. and Barclay, S. E. and Barish, B. C. and Barker, D. and Barone, F. and Barr, B. and Barsotti, L. and Barsuglia, M. and Barta, D. and Bartlett, J. and Barton, M. A. and Bartos, I. and Bassiri, R. and Basti, A. and Batch, J. C. and Baune, C. and Bavigadda, V. and Bazzan, M. and Behnke, B. and Bejger, M. and Belczynski, C. and Bell, A. S. and Bell, C. J. and Berger, B. K. and Bergman, J. and Bergmann, G. and Berry, C. P. L. and Bersanetti, D. and Bertolini, A. and Betzwieser, J. and Bhagwat, S. and Bhandare, R. and Bilenko, I. A. and Billingsley, G. and Birch, J. and Birney, R. and Birnholtz, O. and Biscans, S. and Bisht, A. and Bitossi, M. and Biwer, C. and Bizouard, M. A. and Blackburn, J. K. and Blair, C. D. and Blair, D. G. and Blair, R. M. and Bloemen, S. and Bock, O. and Bodiya, T. P. and Boer, M. and Bogaert, G. and Bogan, C. and Bohe, A. and Bojtos, P. and Bond, C. and Bondu, F. and Bonnand, R. and Boom, B. A. and Bork, R. and Boschi, V. and Bose, S. and Bouffanais, Y. and Bozzi, A. and Bradaschia, C. and Brady, P. R. and Braginsky, V. B. and Branchesi, M. and Brau, J. E. and Briant, T. and Brillet, A. and Brinkmann, M. and Brisson, V. and Brockill, P. and Brooks, A. F. and Brown, D. A. and Brown, D. D. and Brown, N. M. and Buchanan, C. C. and Buikema, A. and Bulik, T. and Bulten, H. J. and Buonanno, A. and Buskulic, D. and Buy, C. and Byer, R. L. and Cabero, M. and Cadonati, L. and Cagnoli, G. and Cahillane, C. and Bustillo, J. Calder\'on and Callister, T. and Calloni, E. and Camp, J. B. and Cannon, K. C. and Cao, J. and Capano, C. D. and Capocasa, E. and Carbognani, F. and Caride, S. and Diaz, J. Casanueva and Casentini, C. and Caudill, S. and Cavagli\`a, M. and Cavalier, F. and Cavalieri, R. and Cella, G. and Cepeda, C. B. and Baiardi, L. Cerboni and Cerretani, G. and Cesarini, E. and Chakraborty, R. and Chalermsongsak, T. and Chamberlin, S. J. and Chan, M. and Chao, S. and Charlton, P. and Chassande-Mottin, E. and Chen, H. Y. and Chen, Y. and Cheng, C. and Chincarini, A. and Chiummo, A. and Cho, H. S. and Cho, M. and Chow, J. H. and Christensen, N. and Chu, Q. and Chua, S. and Chung, S. and Ciani, G. and Clara, F. and Clark, J. A. and Cleva, F. and Coccia, E. and Cohadon, P.-F. and Colla, A. and Collette, C. G. and Cominsky, L. and Constancio, M. and Conte, A. and Conti, L. and Cook, D. and Corbitt, T. R. and Cornish, N. and Corsi, A. and Cortese, S. and Costa, C. A. and Coughlin, M. W. and Coughlin, S. B. and Coulon, J.-P. and Countryman, S. T. and Couvares, P. and Cowan, E. E. and Coward, D. M. and Cowart, M. J. and Coyne, D. C. and Coyne, R. and Craig, K. and Creighton, J. D. E. and Creighton, T. D. and Cripe, J. and Crowder, S. G. and Cruise, A. M. and Cumming, A. and Cunningham, L. and Cuoco, E. and Canton, T. Dal and Danilishin, S. L. and D'Antonio, S. and Danzmann, K. and Darman, N. S. and Da Silva Costa, C. F. and Dattilo, V. and Dave, I. and Daveloza, H. P. and Davier, M. and Davies, G. S. and Daw, E. J. and Day, R. and De, S. and DeBra, D. and Debreczeni, G. and Degallaix, J. and De Laurentis, M. and Del\'eglise, S. and Del Pozzo, W. and Denker, T. and Dent, T. and Dereli, H. and Dergachev, V. and DeRosa, R. T. and De Rosa, R. and DeSalvo, R. and Dhurandhar, S. and D\'{\i}az, M. C. and Di Fiore, L. and Di Giovanni, M. and Di Lieto, A. and Di Pace, S. and Di Palma, I. and Di Virgilio, A. and Dojcinoski, G. and Dolique, V. and Donovan, F. and Dooley, K. L. and Doravari, S. and Douglas, R. and Downes, T. P. and Drago, M. and Drever, R. W. P. and Driggers, J. C. and Du, Z. and Ducrot, M. and Dwyer, S. E. and Edo, T. B. and Edwards, M. C. and Effler, A. and Eggenstein, H.-B. and Ehrens, P. and Eichholz, J. and Eikenberry, S. S. and Engels, W. and Essick, R. C. and Etzel, T. and Evans, M. and Evans, T. M. and Everett, R. and Factourovich, M. and Fafone, V. and Fair, H. and Fairhurst, S. and Fan, X. and Fang, Q. and Farinon, S. and Farr, B. and Farr, W. M. and Favata, M. and Fays, M. and Fehrmann, H. and Fejer, M. M. and Feldbaum, D. and Ferrante, I. and Ferreira, E. C. and Ferrini, F. and Fidecaro, F. and Finn, L. S. and Fiori, I. and Fiorucci, D. and Fisher, R. P. and Flaminio, R. and Fletcher, M. and Fong, H. and Fournier, J.-D. and Franco, S. and Frasca, S. and Frasconi, F. and Frede, M. and Frei, Z. and Freise, A. and Frey, R. and Frey, V. and Fricke, T. T. and Fritschel, P. and Frolov, V. V. and Fulda, P. and Fyffe, M. and Gabbard, H. A. G. and Gair, J. R. and Gammaitoni, L. and Gaonkar, S. G. and Garufi, F. and Gatto, A. and Gaur, G. and Gehrels, N. and Gemme, G. and Gendre, B. and Genin, E. and Gennai, A. and George, J. and Gergely, L. and Germain, V. and Ghosh, Abhirup and Ghosh, Archisman and Ghosh, S. and Giaime, J. A. and Giardina, K. D. and Giazotto, A. and Gill, K. and Glaefke, A. and Gleason, J. R. and Goetz, E. and Goetz, R. and Gondan, L. and Gonz\'alez, G. and Castro, J. M. Gonzalez and Gopakumar, A. and Gordon, N. A. and Gorodetsky, M. L. and Gossan, S. E. and Gosselin, M. and Gouaty, R. and Graef, C. and Graff, P. B. and Granata, M. and Grant, A. and Gras, S. and Gray, C. and Greco, G. and Green, A. C. and Greenhalgh, R. J. S. and Groot, P. and Grote, H. and Grunewald, S. and Guidi, G. M. and Guo, X. and Gupta, A. and Gupta, M. K. and Gushwa, K. E. and Gustafson, E. K. and Gustafson, R. and Hacker, J. J. and Hall, B. R. and Hall, E. D. and Hammond, G. and Haney, M. and Hanke, M. M. and Hanks, J. and Hanna, C. and Hannam, M. D. and Hanson, J. and Hardwick, T. and Harms, J. and Harry, G. M. and Harry, I. W. and Hart, M. J. and Hartman, M. T. and Haster, C.-J. and Haughian, K. and Healy, J. and Heefner, J. and Heidmann, A. and Heintze, M. C. and Heinzel, G. and Heitmann, H. and Hello, P. and Hemming, G. and Hendry, M. and Heng, I. S. and Hennig, J. and Heptonstall, A. W. and Heurs, M. and Hild, S. and Hoak, D. and Hodge, K. A. and Hofman, D. and Hollitt, S. E. and Holt, K. and Holz, D. E. and Hopkins, P. and Hosken, D. J. and Hough, J. and Houston, E. A. and Howell, E. J. and Hu, Y. M. and Huang, S. and Huerta, E. A. and Huet, D. and Hughey, B. and Husa, S. and Huttner, S. H. and Huynh-Dinh, T. and Idrisy, A. and Indik, N. and Ingram, D. R. and Inta, R. and Isa, H. N. and Isac, J.-M. and Isi, M. and Islas, G. and Isogai, T. and Iyer, B. R. and Izumi, K. and Jacobson, M. B. and Jacqmin, T. and Jang, H. and Jani, K. and Jaranowski, P. and Jawahar, S. and Jim\'enez-Forteza, F. and Johnson, W. W. and Johnson-McDaniel, N. K. and Jones, D. I. and Jones, R. and Jonker, R. J. G. and Ju, L. and Haris, K. and Kalaghatgi, C. V. and Kalogera, V. and Kandhasamy, S. and Kang, G. and Kanner, J. B. and Karki, S. and Kasprzack, M. and Katsavounidis, E. and Katzman, W. and Kaufer, S. and Kaur, T. and Kawabe, K. and Kawazoe, F. and K\'ef\'elian, F. and Kehl, M. S. and Keitel, D. and Kelley, D. B. and Kells, W. and Kennedy, R. and Keppel, D. G. and Key, J. S. and Khalaidovski, A. and Khalili, F. Y. and Khan, I. and Khan, S. and Khan, Z. and Khazanov, E. A. and Kijbunchoo, N. and Kim, C. and Kim, J. and Kim, K. and Kim, Nam-Gyu and Kim, Namjun and Kim, Y.-M. and King, E. J. and King, P. J. and Kinzel, D. L. and Kissel, J. S. and Kleybolte, L. and Klimenko, S. and Koehlenbeck, S. M. and Kokeyama, K. and Koley, S. and Kondrashov, V. and Kontos, A. and Koranda, S. and Korobko, M. and Korth, W. Z. and Kowalska, I. and Kozak, D. B. and Kringel, V. and Krishnan, B. and Kr\'olak, A. and Krueger, C. and Kuehn, G. and Kumar, P. and Kumar, R. and Kuo, L. and Kutynia, A. and Kwee, P. and Lackey, B. D. and Landry, M. and Lange, J. and Lantz, B. and Lasky, P. D. and Lazzarini, A. and Lazzaro, C. and Leaci, P. and Leavey, S. and Lebigot, E. O. and Lee, C. H. and Lee, H. K. and Lee, H. M. and Lee, K. and Lenon, A. and Leonardi, M. and Leong, J. R. and Leroy, N. and Letendre, N. and Levin, Y. and Levine, B. M. and Li, T. G. F. and Libson, A. and Littenberg, T. B. and Lockerbie, N. A. and Logue, J. and Lombardi, A. L. and London, L. T. and Lord, J. E. and Lorenzini, M. and Loriette, V. and Lormand, M. and Losurdo, G. and Lough, J. D. and Lousto, C. O. and Lovelace, G. and L\"uck, H. and Lundgren, A. P. and Luo, J. and Lynch, R. and Ma, Y. and MacDonald, T. and Machenschalk, B. and MacInnis, M. and Macleod, D. M. and Maga\~na-Sandoval, F. and Magee, R. M. and Mageswaran, M. and Majorana, E. and Maksimovic, I. and Malvezzi, V. and Man, N. and Mandel, I. and Mandic, V. and Mangano, V. and Mansell, G. L. and Manske, M. and Mantovani, M. and Marchesoni, F. and Marion, F. and M\'arka, S. and M\'arka, Z. and Markosyan, A. S. and Maros, E. and Martelli, F. and Martellini, L. and Martin, I. W. and Martin, R. M. and Martynov, D. V. and Marx, J. N. and Mason, K. and Masserot, A. and Massinger, T. J. and Masso-Reid, M. and Matichard, F. and Matone, L. and Mavalvala, N. and Mazumder, N. and Mazzolo, G. and McCarthy, R. and McClelland, D. E. and McCormick, S. and McGuire, S. C. and McIntyre, G. and McIver, J. and McManus, D. J. and McWilliams, S. T. and Meacher, D. and Meadors, G. D. and Meidam, J. and Melatos, A. and Mendell, G. and Mendoza-Gandara, D. and Mercer, R. A. and Merilh, E. and Merzougui, M. and Meshkov, S. and Messenger, C. and Messick, C. and Meyers, P. M. and Mezzani, F. and Miao, H. and Michel, C. and Middleton, H. and Mikhailov, E. E. and Milano, L. and Miller, J. and Millhouse, M. and Minenkov, Y. and Ming, J. and Mirshekari, S. and Mishra, C. and Mitra, S. and Mitrofanov, V. P. and Mitselmakher, G. and Mittleman, R. and Moggi, A. and Mohan, M. and Mohapatra, S. R. P. and Montani, M. and Moore, B. C. and Moore, C. J. and Moraru, D. and Moreno, G. and Morriss, S. R. and Mossavi, K. and Mours, B. and Mow-Lowry, C. M. and Mueller, C. L. and Mueller, G. and Muir, A. W. and Mukherjee, Arunava and Mukherjee, D. and Mukherjee, S. and Mukund, N. and Mullavey, A. and Munch, J. and Murphy, D. J. and Murray, P. G. and Mytidis, A. and Nardecchia, I. and Naticchioni, L. and Nayak, R. K. and Necula, V. and Nedkova, K. and Nelemans, G. and Neri, M. and Neunzert, A. and Newton, G. and Nguyen, T. T. and Nielsen, A. B. and Nissanke, S. and Nitz, A. and Nocera, F. and Nolting, D. and Normandin, M. E. N. and Nuttall, L. K. and Oberling, J. and Ochsner, E. and O'Dell, J. and Oelker, E. and Ogin, G. H. and Oh, J. J. and Oh, S. H. and Ohme, F. and Oliver, M. and Oppermann, P. and Oram, Richard J. and O'Reilly, B. and O'Shaughnessy, R. and Ott, C. D. and Ottaway, D. J. and Ottens, R. S. and Overmier, H. and Owen, B. J. and Pai, A. and Pai, S. A. and Palamos, J. R. and Palashov, O. and Palomba, C. and Pal-Singh, A. and Pan, H. and Pan, Y. and Pankow, C. and Pannarale, F. and Pant, B. C. and Paoletti, F. and Paoli, A. and Papa, M. A. and Paris, H. R. and Parker, W. and Pascucci, D. and Pasqualetti, A. and Passaquieti, R. and Passuello, D. and Patricelli, B. and Patrick, Z. and Pearlstone, B. L. and Pedraza, M. and Pedurand, R. and Pekowsky, L. and Pele, A. and Penn, S. and Perreca, A. and Pfeiffer, H. P. and Phelps, M. and Piccinni, O. and Pichot, M. and Pickenpack, M. and Piergiovanni, F. and Pierro, V. and Pillant, G. and Pinard, L. and Pinto, I. M. and Pitkin, M. and Poeld, J. H. and Poggiani, R. and Popolizio, P. and Post, A. and Powell, J. and Prasad, J. and Predoi, V. and Premachandra, S. S. and Prestegard, T. and Price, L. R. and Prijatelj, M. and Principe, M. and Privitera, S. and Prix, R. and Prodi, G. A. and Prokhorov, L. and Puncken, O. and Punturo, M. and Puppo, P. and P\"urrer, M. and Qi, H. and Qin, J. and Quetschke, V. and Quintero, E. A. and Quitzow-James, R. and Raab, F. J. and Rabeling, D. S. and Radkins, H. and Raffai, P. and Raja, S. and Rakhmanov, M. and Ramet, C. R. and Rapagnani, P. and Raymond, V. and Razzano, M. and Re, V. and Read, J. and Reed, C. M. and Regimbau, T. and Rei, L. and Reid, S. and Reitze, D. H. and Rew, H. and Reyes, S. D. and Ricci, F. and Riles, K. and Robertson, N. A. and Robie, R. and Robinet, F. and Rocchi, A. and Rolland, L. and Rollins, J. G. and Roma, V. J. and Romano, J. D. and Romano, R. and Romanov, G. and Romie, J. H. and Rosi\ifmmode \acute{n}\else \'{n}\fi{}ska, D. and Rowan, S. and R\"udiger, A. and Ruggi, P. and Ryan, K. and Sachdev, S. and Sadecki, T. and Sadeghian, L. and Salconi, L. and Saleem, M. and Salemi, F. and Samajdar, A. and Sammut, L. and Sampson, L. M. and Sanchez, E. J. and Sandberg, V. and Sandeen, B. and Sanders, G. H. and Sanders, J. R. and Sassolas, B. and Sathyaprakash, B. S. and Saulson, P. R. and Sauter, O. and Savage, R. L. and Sawadsky, A. and Schale, P. and Schilling, R. and Schmidt, J. and Schmidt, P. and Schnabel, R. and Schofield, R. M. S. and Sch\"onbeck, A. and Schreiber, E. and Schuette, D. and Schutz, B. F. and Scott, J. and Scott, S. M. and Sellers, D. and Sengupta, A. S. and Sentenac, D. and Sequino, V. and Sergeev, A. and Serna, G. and Setyawati, Y. and Sevigny, A. and Shaddock, D. A. and Shaffer, T. and Shah, S. and Shahriar, M. S. and Shaltev, M. and Shao, Z. and Shapiro, B. and Shawhan, P. and Sheperd, A. and Shoemaker, D. H. and Shoemaker, D. M. and Siellez, K. and Siemens, X. and Sigg, D. and Silva, A. D. and Simakov, D. and Singer, A. and Singer, L. P. and Singh, A. and Singh, R. and Singhal, A. and Sintes, A. M. and Slagmolen, B. J. J. and Smith, J. R. and Smith, M. R. and Smith, N. D. and Smith, R. J. E. and Son, E. J. and Sorazu, B. and Sorrentino, F. and Souradeep, T. and Srivastava, A. K. and Staley, A. and Steinke, M. and Steinlechner, J. and Steinlechner, S. and Steinmeyer, D. and Stephens, B. C. and Stevenson, S. P. and Stone, R. and Strain, K. A. and Straniero, N. and Stratta, G. and Strauss, N. A. and Strigin, S. and Sturani, R. and Stuver, A. L. and Summerscales, T. Z. and Sun, L. and Sutton, P. J. and Swinkels, B. L. and Szczepa\ifmmode \acute{n}\else \'{n}\fi{}czyk, M. J. and Tacca, M. and Talukder, D. and Tanner, D. B. and T\'apai, M. and Tarabrin, S. P. and Taracchini, A. and Taylor, R. and Theeg, T. and Thirugnanasambandam, M. P. and Thomas, E. G. and Thomas, M. and Thomas, P. and Thorne, K. A. and Thorne, K. S. and Thrane, E. and Tiwari, S. and Tiwari, V. and Tokmakov, K. V. and Tomlinson, C. and Tonelli, M. and Torres, C. V. and Torrie, C. I. and T\"oyr\"a, D. and Travasso, F. and Traylor, G. and Trifir\`o, D. and Tringali, M. C. and Trozzo, L. and Tse, M. and Turconi, M. and Tuyenbayev, D. and Ugolini, D. and Unnikrishnan, C. S. and Urban, A. L. and Usman, S. A. and Vahlbruch, H. and Vajente, G. and Valdes, G. and Vallisneri, M. and van Bakel, N. and van Beuzekom, M. and van den Brand, J. F. J. and Van Den Broeck, C. and Vander-Hyde, D. C. and van der Schaaf, L. and van Heijningen, J. V. and van Veggel, A. A. and Vardaro, M. and Vass, S. and Vas\'uth, M. and Vaulin, R. and Vecchio, A. and Vedovato, G. and Veitch, J. and Veitch, P. J. and Venkateswara, K. and Verkindt, D. and Vetrano, F. and Vicer\'e, A. and Vinciguerra, S. and Vine, D. J. and Vinet, J.-Y. and Vitale, S. and Vo, T. and Vocca, H. and Vorvick, C. and Voss, D. and Vousden, W. D. and Vyatchanin, S. P. and Wade, A. R. and Wade, L. E. and Wade, M. and Waldman, S. J. and Walker, M. and Wallace, L. and Walsh, S. and Wang, G. and Wang, H. and Wang, M. and Wang, X. and Wang, Y. and Ward, H. and Ward, R. L. and Warner, J. and Was, M. and Weaver, B. and Wei, L.-W. and Weinert, M. and Weinstein, A. J. and Weiss, R. and Welborn, T. and Wen, L. and We\ss{}els, P. and Westphal, T. and Wette, K. and Whelan, J. T. and Whitcomb, S. E. and White, D. J. and Whiting, B. F. and Wiesner, K. and Wilkinson, C. and Willems, P. A. and Williams, L. and Williams, R. D. and Williamson, A. R. and Willis, J. L. and Willke, B. and Wimmer, M. H. and Winkelmann, L. and Winkler, W. and Wipf, C. C. and Wiseman, A. G. and Wittel, H. and Woan, G. and Worden, J. and Wright, J. L. and Wu, G. and Yablon, J. and Yakushin, I. and Yam, W. and Yamamoto, H. and Yancey, C. C. and Yap, M. J. and Yu, H. and Yvert, M. and Zadro\ifmmode \dot{z}\else \.{z}\fi{}ny, A. and Zangrando, L. and Zanolin, M. and Zendri, J.-P. and Zevin, M. and Zhang, F. and Zhang, L. and Zhang, M. and Zhang, Y. and Zhao, C. and Zhou, M. and Zhou, Z. and Zhu, X. J. and Zucker, M. E. and Zuraw, S. E. and Zweizig, J.},
  collaboration = {LIGO Scientific Collaboration and Virgo Collaboration},
  journal = {Phys. Rev. Lett.},
  volume = {116},
  issue = {6},
  pages = {061102},
  numpages = {16},
  year = {2016},
  month = {Feb},
  publisher = {American Physical Society},
  doi = {10.1103/PhysRevLett.116.061102},
  url = {https://link.aps.org/doi/10.1103/PhysRevLett.116.061102}
}
